@article{Rigaill,
year={2012},
issn={0960-3174},
journal={Statistics and Computing},
volume={22},
number={4},
doi={10.1007/s11222-011-9258-8},
title={Exact posterior distributions and model selection criteria for multiple change-point detection problems},
url={http://dx.doi.org/10.1007/s11222-011-9258-8},
publisher={Springer US},
keywords={Bayesian model selection; change-point detection; BIC; DIC; ICL; posterior distribution of change-points; posterior distribution of segments},
author={Rigaill, G. and Lebarbier, E. and Robin, S.},
pages={917-929},
language={English}
}

@article{Luong,
title = "Fast estimation of posterior probabilities in change-point analysis through a constrained hidden Markov model ",
journal = "Computational Statistics and Data Analysis ",
volume = "68",
number = "",
pages = "129 - 140",
year = "2013",
note = "",
issn = "0167-9473",
doi = "http://dx.doi.org/10.1016/j.csda.2013.06.020",
url = "http://www.sciencedirect.com/science/article/pii/S0167947313002326",
author = "The Minh Luong and Yves Rozenholc and Gregory Nuel",
keywords = "Change-point estimation",
keywords = "Segmentation",
keywords = "Posterior distribution of change-points",
keywords = "Constrained hidden Markov model",
keywords = "Forwardâ€“backward algorithm",
keywords = "Fast computation "
}
